@inproceedings{sisalem1998loss,
  title={The loss-delay based adjustment algorithm: A TCP-friendly adaptation scheme},
  author={Sisalem, Dorgham and Schulzrinne, Henning},
  booktitle={Proceedings of NOSSDAV},
  volume={98},
  pages={215--226},
  year={1998},
  organization={Citeseer}
}

@article{liu2008tcp,
  title={TCP-Illinois: A loss-and delay-based congestion control algorithm for high-speed networks},
  author={Liu, Shao and Ba{\c{s}}ar, Tamer and Srikant, Ravi},
  journal={Performance Evaluation},
  volume={65},
  number={6},
  pages={417--440},
  year={2008},
  publisher={Elsevier}
}

@article{martin2003delay,
  title={Delay-based congestion avoidance for TCP},
  author={Martin, Jim and Nilsson, Arne and Rhee, Injong},
  journal={IEEE/ACM Transactions on Networking (TON)},
  volume={11},
  number={3},
  pages={356--369},
  year={2003},
  publisher={IEEE Press}
}

@article{budzisz2011fair,
  title={On the fair coexistence of loss-and delay-based TCP},
  author={Budzisz, {\L}ukasz and Stanojevi{\'c}, Rade and Schlote, Arieh and Baker, Fred and Shorten, Robert},
  journal={IEEE/ACM Transactions on Networking (TON)},
  volume={19},
  number={6},
  pages={1811--1824},
  year={2011},
  publisher={IEEE Press}
}

@inproceedings{prasad2004effectiveness,
  title={On the effectiveness of delay-based congestion avoidance},
  author={Prasad, Ravi S and Jain, Manish and Dovrolis, Constantinos},
  year={2004},
  organization={PFLDnet}
}

@inproceedings{hayes2010improved,
  title={Improved coexistence and loss tolerance for delay based TCP congestion control},
  author={Hayes, David and Armitage, Grenville and others},
  booktitle={Local Computer Networks (LCN), 2010 IEEE 35th Conference on},
  pages={24--31},
  year={2010},
  organization={IEEE}
}

@inproceedings{de2004delay,
  title={A delay-based approach using fuzzy logic to improve TCP error detection in ad hoc networks},
  author={De Oliveira, Ruy and Braun, Torsten},
  booktitle={Wireless Communications and Networking Conference, 2004. WCNC. 2004 IEEE},
  volume={3},
  pages={1666--1671},
  year={2004},
  organization={IEEE}
}

@inproceedings{leith2008experimental,
  title={Experimental Evaluation of delay/loss-based TCP congestion control algorithms.},
  author={Leith, Douglas J and Andrew, Lachlan LH and Quetchenbach, Tom and Shorten, Robert N},
  booktitle={Proceedings of the 6th International Workshop on Protocols for Fast Long-Distance Networks (PFLDnet 2008),},
  year={2008}
}

@book{brakmo1994tcp,
  title={TCP Vegas: New techniques for congestion detection and avoidance},
  author={Brakmo, Lawrence S and O'Malley, Sean W and Peterson, Larry L},
  volume={24},
  number={4},
  year={1994},
  publisher={ACM}
}

@article{wei2006fast,
  title={FAST TCP: motivation, architecture, algorithms, performance},
  author={Wei, David X and Jin, Cheng and Low, Steven H and Hegde, Sanjay},
  journal={IEEE/ACM Transactions on Networking (ToN)},
  volume={14},
  number={6},
  pages={1246--1259},
  year={2006},
  publisher={IEEE Press}
}

@article{weigle2005delay,
  title={Delay-based early congestion detection and adaptation in TCP: impact on web performance},
  author={Weigle, Michele C and Jeffay, Kevin and Smith, F Donelson},
  journal={Computer Communications},
  volume={28},
  number={8},
  pages={837--850},
  year={2005},
  publisher={Elsevier}
}

@inproceedings{misra2000fluid,
  title={Fluid-based analysis of a network of AQM routers supporting TCP flows with an application to RED},
  author={Misra, Vishal and Gong, Wei-Bo and Towsley, Don},
  booktitle={ACM SIGCOMM Computer Communication Review},
  volume={30},
  number={4},
  pages={151--160},
  year={2000},
  organization={ACM}
}

@article{jain1989delay,
  title={A delay-based approach for congestion avoidance in interconnected heterogeneous computer networks},
  author={Jain, Raj},
  journal={ACM SIGCOMM Computer Communication Review},
  volume={19},
  number={5},
  pages={56--71},
  year={1989},
  publisher={ACM}
}

@article{brakmo1995tcp,
  title={TCP Vegas: End to end congestion avoidance on a global Internet},
  author={Brakmo, Lawrence S. and Peterson, Larry L},
  journal={Selected Areas in Communications, IEEE Journal on},
  volume={13},
  number={8},
  pages={1465--1480},
  year={1995},
  publisher={IEEE}
}

@inproceedings{tan2006compound,
  title={A compound TCP approach for high-speed and long distance networks},
  author={Tan, Kun and Song, Jingmin and Zhang, Qian and Sridharan, Murari},
  booktitle={Proceedings-IEEE INFOCOM},
  year={2006}
}

@misc{jain1993delay,
  title={Delay-based congestion avoidance in computer networks},
  author={Jain, Rajendra K},
  year={1993},
  month=mar # "~9",
  publisher={Google Patents},
  note={US Patent 5,193,151}
}

@inproceedings{rejaie1999rap,
  title={RAP: An end-to-end rate-based congestion control mechanism for realtime streams in the Internet},
  author={Rejaie, Reza and Handley, Mark and Estrin, Deborah},
  booktitle={INFOCOM'99. Eighteenth Annual Joint Conference of the IEEE Computer and Communications Societies. Proceedings. IEEE},
  volume={3},
  pages={1337--1345},
  year={1999},
  organization={IEEE}
}

@incollection{wang2002inter,
  title={Inter-packet delay based correlation for tracing encrypted connections through stepping stones},
  author={Wang, Xinyuan and Reeves, Douglas S and Wu, S Felix},
  booktitle={Computer Securityâ€”ESORICS 2002},
  pages={244--263},
  year={2002},
  publisher={Springer}
}

@article{ha2008cubic,
  title={CUBIC: a new TCP-friendly high-speed TCP variant},
  author={Ha, Sangtae and Rhee, Injong and Xu, Lisong},
  journal={ACM SIGOPS Operating Systems Review},
  volume={42},
  number={5},
  pages={64--74},
  year={2008},
  publisher={ACM}
}

@article{lakshman1997performance,
  title={The performance of TCP/IP for networks with high bandwidth-delay products and random loss},
  author={Lakshman, TV and Madhow, Upamanyu},
  journal={Networking, IEEE/ACM Transactions on},
  volume={5},
  number={3},
  pages={336--350},
  year={1997},
  publisher={IEEE}
}

@article{wu2004jtcp,
  title={JTCP: Jitter-based TCP for heterogeneous wireless networks},
  author={Wu, Eric Hsiao-Kuang and Chen, Mei-Zhen},
  journal={Selected Areas in Communications, IEEE Journal on},
  volume={22},
  number={4},
  pages={757--766},
  year={2004},
  publisher={IEEE}
}

@article{song2006compound,
  title={Compound TCP: A scalable and TCP-friendly congestion control for high-speed networks},
  author={Song, Kun Tan Jingmin and Zhang, Q and Sridharan, M},
  journal={Proceedings of PFLDnet 2006},
  year={2006}
}

@article{chan2010code,
  title={CODE TCP: a competitive delay-based TCP},
  author={Chan, Yi-Cheng and Lin, Chia-Liang and Chan, Chia-Tai and Ho, Cheng-Yuan},
  journal={Computer Communications},
  volume={33},
  number={9},
  pages={1013--1029},
  year={2010},
  publisher={Elsevier}
}

@article{chandran2001feedback,
  title={A feedback-based scheme for improving TCP performance in ad hoc wireless networks},
  author={Chandran, Kartik and Raghunathan, Sudarshan and Venkatesan, Subbarayan and Prakash, Ravi},
  journal={Personal Communications, IEEE},
  volume={8},
  number={1},
  pages={34--39},
  year={2001},
  publisher={IEEE}
}

@article{fall1996simulation,
  title={Simulation-based comparisons of Tahoe, Reno and SACK TCP},
  author={Fall, Kevin and Floyd, Sally},
  journal={ACM SIGCOMM Computer Communication Review},
  volume={26},
  number={3},
  pages={5--21},
  year={1996},
  publisher={ACM}
}

@article{widmer2001survey,
  title={A survey on TCP-friendly congestion control},
  author={Widmer, J{\"o}rg and Denda, Robert and Mauve, Martin},
  journal={Network, IEEE},
  volume={15},
  number={3},
  pages={28--37},
  year={2001},
  publisher={IEEE}
}

@book{jain2002end,
  title={End-to-end available bandwidth: Measurement methodology, dynamics, and relation with TCP throughput},
  author={Jain, Manish and Dovrolis, Constantinos},
  volume={32},
  number={4},
  year={2002},
  publisher={ACM}
}

@article{jain2003end,
  title={End-to-end available bandwidth: measurement methodology, dynamics, and relation with TCP throughput},
  author={Jain, Manish and Dovrolis, Constantinos},
  journal={IEEE/ACM Transactions on Networking (TON)},
  volume={11},
  number={4},
  pages={537--549},
  year={2003},
  publisher={IEEE Press}
}

@article{wang1992eliminating,
  title={Eliminating periodic packet losses in the 4.3-Tahoe BSD TCP congestion control algorithm},
  author={Wang, Zheng and Crowcroft, Jon},
  journal={ACM SIGCOMM Computer Communication Review},
  volume={22},
  number={2},
  pages={9--16},
  year={1992},
  publisher={ACM}
}

@article{hayes2010timing,
  title={Timing enhancements to the FreeBSD kernel to support delay and rate based TCP mechanisms},
  author={Hayes, David},
  journal={Centre for Advanced Internet Architectures, Swinburne University of Technology, Melbourne, Australia, Tech. Rep. A},
  volume={100219},
  pages={19},
  year={2010}
}

@inproceedings{ahn1995evaluation,
  title={Evaluation of TCP Vegas: emulation and experiment},
  author={Ahn, Jong Suk and Danzig, Peter B and Liu, Zhen and Yan, Limin},
  booktitle={ACM SIGCOMM Computer Communication Review},
  volume={25},
  number={4},
  pages={185--195},
  year={1995},
  organization={ACM}
}

@inproceedings{sisalem2000lda+,
  title={LDA+ TCP-friendly adaptation: A measurement and comparison study},
  author={Sisalem, Dorgham and Wolisz, Adam},
  booktitle={Proc. NOSSDAV},
  pages={362--368},
  year={2000}
}

@article{kelly2003fairness,
  title={Fairness and Stability of End-to-End Congestion Control*},
  author={Kelly, Frank},
  journal={European journal of control},
  volume={9},
  number={2},
  pages={159--176},
  year={2003},
  publisher={Elsevier}
}

@inproceedings{cao2012delay,
  title={Delay-based congestion control for multipath TCP},
  author={Cao, Yu and Xu, Mingwei and Fu, Xiaoming},
  booktitle={Network Protocols (ICNP), 2012 20th IEEE International Conference on},
  pages={1--10},
  year={2012},
  organization={IEEE}
}

@article{jin2004fast,
  title={FAST TCP: From theory to experiments},
  author={Jin, Cheng and Wei, David and Low, Steven H and Buhrmaster, G and Bunn, Julian and Choe, D Hyojeong and Cottrell, RLA and Doyle, John C and Feng, W and Martin, O and others},
  journal={IEEE network},
  year={2004}
}
